@book{hauschild2018,
  title={Life Cycle Assessment: Theory and Practice},
  author={Michael Z Hauschild,  Ralph K Rosenbaum and Stig, Irving Olsen},
  year={2018},
  publisher={Spinger}
}, 
@article{ciroth2016,
  title={Empirically based uncertainty factors for the pedigree matrix in ecoinvent},
  author={Ciroth, Andreas and Muller, St{\'e}phanie and Weidema, Bo and Lesage, Pascal},
  journal={The International Journal of Life Cycle Assessment},
  volume={21},
  pages={1338--1348},
  year={2016},
  publisher={Springer}
},
@article{groen2014,
  title={Methods for uncertainty propagation in life cycle assessment},
  author={Groen, Evelyne A and Heijungs, Reinout and Bokkers, Eddy AM and De Boer, Imke JM},
  journal={Environmental Modelling \& Software},
  volume={62},
  pages={316--325},
  year={2014},
  publisher={Elsevier}
},
@article{lloyd2007,
  title={Characterizing, propagating, and analyzing uncertainty in life-cycle assessment: a survey of quantitative approaches},
  author={Lloyd, Shannon M and Ries, Robert},
  journal={Journal of industrial ecology},
  volume={11},
  number={1},
  pages={161--179},
  year={2007},
  publisher={Wiley Online Library}
}
