@article{standardDoc,
  title={Evaluation of measurement dataâ€”Guide to the expression of uncertainty in measurement},
  author={Joint Committee for Guides in Metrology},
  journal={JCGM},
  volume={100},
  number={2008},
  pages={1--116},
  year={2008}
},
@article{lloyd2007,
  title={Characterizing, propagating, and analyzing uncertainty in life-cycle assessment: a survey of quantitative approaches},
  author={Lloyd, Shannon M and Ries, Robert},
  journal={Journal of industrial ecology},
  volume={11},
  number={1},
  pages={161--179},
  year={2007},
  publisher={Wiley Online Library}
}
