@book{@loalamosbook,
   title =     {The Los Alamos Primer: The First Lectures on How to Build an Atomic Bomb, Updated with a New Introduction by Richard Rhodes},
   author =    {Robert Serber},
   publisher = {University of California Press},
   isbn =      {9780520344174; 0520344170; 9780520374331; 0520374339},
   year =      {2020},
   url =       {libgen.li/file.php?md5=1bb0e90ff6bee27432a420b3a5ff2c10}
k}

